@book{mexico2014,
  title={{The 50 Most Violent Cities in the World 2014}},
  author={{Consejo Ciudadano para la Securidad P\'{u}blica y Justicia Penal}},
  year={2014},
  publisher={Mexico City}
}

@misc{mapa2014,
  title={{Mapa da Viol{\^e}ncia 2014: Os Jovens do Brasil}},
  author={Waiselfisz, Julio Jacobo},
  year={2014},
  publisher={Bras{\'\i}lia}
}

@incollection{lafree1999summary,
  author      = "LaFree, Gary",
  title       = "A summary and review of cross-national comparative studies of homicide",
  editor      = "M. Dwayne Smith and Margaret A. Zahn",
  booktitle   = "Homicide: A Sourcebook of Social Research",
  publisher   = "Sage Publications",
  address     = "London",
  year        = 1999,
}

@incollection{trent2012review,
  title={A review of the cross-national empirical literature on social structure and homicide},
  author={Trent, Carol LS and Pridemore, William Alex},
  booktitle={Handbook of European Homicide Research},
  pages={111--135},
  year={2012},
  publisher={Springer}
}

@article{nivette2011cross,
  title={Cross-national predictors of crime: A meta-analysis},
  author={Nivette, Amy E},
  journal={Homicide Studies},
  volume={15},
  number={2},
  pages={103--131},
  year={2011},
  publisher={Sage Publications}
}

@misc{mapa2011,
  title={{Mapa da Viol{\^e}ncia 2011: Os Jovens do Brasil}},
  author={Waiselfisz, Julio Jacobo},
  year={2011},
  publisher={Bras{\'\i}lia}
}

@book{unodc2013,
  title={{Global Study on Homicide 2013: Trends, Contexts, Data}},
  author={{United Nations Office on Drugs and Crime}},
  year={2013}
}

@article{ahnen2003,
  title={{Between Tyranny of the Majority and Liberty: The Persistence of Human Rights Violations under Democracy in Brazil}},
  author={Ahnen, Ron},
  journal={Bulletin of Latin American Research},
  volume={22},
  number={3},
  pages={319--339},
  year={2003},
  publisher={Wiley Online Library}
}

@article{pinheiro2000,
  title={{Democratic Governance, Violence, and the (Un)Rule of Law}},
  author={Pinheiro, Paulo S{\'e}rgio},
  journal={Daedalus},
  pages={119--143},
  year={2000},
  publisher={JSTOR}
}

@article{pinheiro2001,
  title={{The Paradox of Democracy in Brazil}},
  author={Pinheiro, Paulo Sergio},
  journal={Brown Journal of World Affairs},
  volume={8},
  pages={113},
  year={2001},
  publisher={HeinOnline}
}

@article{cerqueira2013,
  title={{Mapa de Homic{\'\i}dios Ocultos no Brasil}},
  author={Cerqueira, Daniel},
  year={2013},
  publisher={Instituto de Pesquisa Econ{\^o}mica Aplicada (Ipea)}
}

@article{ibge2012,
  title={{Contas Regionais}},
  author={IBGE},
  year={2012},
  publisher={IBGE}
} 

@article{ibge2014,
  title={{Estimativas da Popula\c{c}\~{a}o Residente no Brasil e Unidades da Federa\c{c}\~{a}o com Data de Refer\^{e}ncia em Primeiro de Julho de 2014}},
  author={IBGE},
  year={2014},
  publisher={IBGE}
} 

@article{barata2000,
  title={{Rela{\c{c}}{\~a}o entre Homic{\'\i}dios e Indicadores Econ{\^o}micos em S{\~a}o Paulo, Brasil, 1996}},
  author={Barata, Rita Barradas and Ribeiro, MCSA},
  journal={Panamerican Journal of Public Health},
  volume={7},
  number={2},
  pages={118--24},
  year={2000},
  publisher={SciELO Public Health}
}

@article{cardia2003,
  title={{Homicide Rates and Human Rights Violations in S{\~a}o Paulo, Brazil: 1990 to 2002}},
  author={Cardia, Nancy and Adorno, S{\'e}rgio and Poleto, Frederico Z},
  journal={Health and Human Rights},
  pages={14--33},
  year={2003},
  publisher={JSTOR}
}

@article{mello2010,
  title={{Mudan{\c{c}}a Demogr{\'a}fica e a Din{\^a}mica dos Homic{\'\i}dios no Estado de S{\~a}o Paulo}},
  author={de Mello, Joao Manoel Pinho and Alexandre Schneider},
  journal={S{\~a}o Paulo em Perspectiva},
  volume={21},
  number={1},
  pages={19--30},
  year={2010}
}

@article{camargo2007,
  title={{Mortes por Causas Violentas no Estado de S\~{a}o Paulo}},
  author={Camargo, Antonio Benedito Marangone},
  journal={S{\~a}o Paulo em Perspectiva},
  volume={21},
  number={1},
  pages={31--45},
  year={2007}
}

@article{goertzel2009,
  title={{The Great S{\~a}o Paulo Homicide Drop}},
  author={Goertzel, Ted and Kahn, Tulio},
  journal={Homicide Studies},
  volume={13},
  number={4},
  pages={398--410},
  year={2009},
  publisher={Sage Publications}
}

@article{souza2014,
  title={{Determinantes dos Homic{\'\i}dios no Estado da Bahia, Brasil, em 2009}},
  author={de Sousa, Carlos Augusto Moreira and da Silva, Cosme Marcelo Furtado Passos and de Souza, Edinilsa Ramos},
  journal={Revista Brasileira de Epidemiologia},
  volume={135},
  pages={146},
  year={2014},
  publisher={SciELO Brasil}
}

@article{adorno2002,
  title={{Exclus{\~a}o Socioecon{\^o}mica e Viol{\^e}ncia Urbana}},
  author={Adorno, S{\'e}rgio},
  journal={Sociologias},
  volume={4},
  number={8},
  pages={84--135},
  year={2002},
  publisher={SciELO Brasil}
}

@article{hughes2004,
  title={{Segrega{\c{c}}{\~a}o Socioespacial e Viol{\^e}ncia na Cidade de S{\~a}o Paulo: Refer{\^e}ncias para a Formula{\c{c}}{\~a}o de Pol{\'\i}ticas P{\'u}blicas}},
  author={Hughes, Pedro Javier Aguerre},
  journal={S{\~a}o Paulo em Perspectiva},
  volume={18},
  number={4},
  pages={93--102},
  year={2004},
  publisher={SciELO Brasil}
}

@book{mendonca2003,
  title={{Criminalidade e Desigualdade Social no Brasil}},
  author={de Mendon{\c{c}}a, M{\'a}rio Jorge Cardoso and Sachsida, Adolfo and Loureiro, Paulo Roberto Amorim},
  number={967},
  year={2003},
  publisher={IPEA}
}

@article{bueno2014,
  title={{Letalidade na A{\c{c}}{\~a}o Policial: Os Desafios para a Consolida{\c{c}}{\~a}o de uma Agenda de Pol{\'\i}ticas P{\'u}blicas no Estado de S{\~a}o Paulo}},
  author={Bueno, Samira},
  journal={Administra{\c{c}}{\~a}o P{\'u}blica e Gest{\~a}o Social},
  volume={7},
  number={1},
  pages={9--15},
  year={2014}
}

@phdthesis{santos2008,
  title={{Um Partido, tr{\^e}s Agendas?: Pol{\'\i}tica de Seguran{\c{c}}a P{\'u}blica no Estado de S{\~a}o Paulo: 1995-2006}},
  author={Santos, Fabio Franklin Storino dos},
  year={2008}
}

@article{nadanovsky2009,
  title={{O Aumento no Encarceramento e a Redu{\c{c}}{\~a}o nos Homic{\'\i}dios em S{\~a}o Paulo, Brasil entre 1996 e 2005}},
  author={Nadanovsky, Paulo},
  journal={Cadernos de Sa\'{u}de P\'{u}blica},
  volume={25},
  number={8},
  pages={1859--1864},
  year={2009},
  publisher={SciELO Public Health}
}

@article{feltran2012,
  title={{Governo que Produz Crime, Crime que Produz Governo: O Dispositivo de Gest{\~a}o do Homic{\'\i}dio em S{\~a}o Paulo (1992--2011)}},
  author={Feltran, Gabriel de Santis},
  journal={Revista Brasileira de Seguran\c{c}a P\'{u}blica},
  volume={6},
  number={2},
  pages={232--255},
  year={2012}
  }

@article{salla2007,
  title={{De Montoro a Lembo: As Pol{\'\i}ticas Penitenci{\'a}rias em S{\~a}o Paulo}},
  author={Salla, Fernando},
  journal={Revista Brasileira de Seguran{\c{c}}a P{\'u}blica},
  volume={1},
  number={1},
  pages={72--90},
  year={2007}
}

@article{carvalho2005,
  title={{O Regime Disciplinar Diferenciado: Notas Cr{\'\i}ticas {\`A} Reforma do Sistema Punitivo Brasileiro}},
  author={Carvalho, Salo de and Freire, Christiane Russomano},
  journal={Revista Transdisciplinar de Ci{\^e}ncias Penitenci{\'a}rias},
  volume={4},
  number={1},
  pages={7--26},
  year={2005}
}

@ONLINE{brasildefato2013,
author = {{Brasil de Fato}},
title = {{Com Maior Popula\c{c}\~{a}o Carcer\'{a}ria do Brasil, S\~{a}o Paulo Registra 15 mil Pris\~{o}es em Um Ano}},
year = {2013},
url = {http://www.brasildefato.com.br/node/25651},
urldate = {2014-04-28}
}

@ONLINE{who2015,
author = {{World Health Organization}},
title = {{Social Determinants of Health}},
year = {2015},
url = {http://www.who.int/social_determinants/thecommission/finalreport/case_studies/en/index1.html},
urldate = {2015-06-01}
}

@incollection{becker1974,
  title={{Crime and Punishment: An Economic Approach}},
  author={Becker, Gary S},
  booktitle={Essays in the Economics of Crime and Punishment},
  pages={1--54},
  year={1974},
  publisher={UMI}
}

@article{abadie2003,
  title={{The Economic Costs of Conflict: A Case Study of the Basque Country}},
  author={Abadie, Alberto and Gardeazabal, Javier},
  journal={American economic review},
  pages={113--132},
  year={2003},
  publisher={JSTOR}
}

@article{abadie2010,
  title={{Synthetic Control Methods for Comparative Case Studies: Estimating the Effect of California's Tobacco Control Program}},
  author={Abadie, Alberto and Diamond, Alexis and Hainmueller, Jens},
  journal={Journal of the American Statistical Association},
  volume={105},
  number={490},
  year={2010}
}

@article{abadie2011,
  title={{Synth: An R Package for Synthetic Control Methods in Comparative Case Studies}},
  author={Abadie, Alberto and Diamond, Alexis and Hainmueller, Jens},
  journal={Journal of Statistical Software},
  volume={42},
  number={13},
  year={2011}
}

@article{abadie2014,
  title={{Comparative Politics and the Synthetic Control Method}},
  author={Abadie, Alberto and Diamond, Alexis and Hainmueller, Jens},
  journal={American Journal of Political Science},
  year={2014},
  publisher={Wiley Online Library}
}

@article{montalvo2011,
  title={{Voting after the Bombings: A Natural Experiment on the Effect of Terrorist Attacks on Democratic Elections}},
  author={Montalvo, Jose G},
  journal={Review of Economics and Statistics},
  volume={93},
  number={4},
  pages={1146--1154},
  year={2011},
  publisher={MIT Press}
}

@article{billmeier2013,
  title={{Assessing Economic Liberalization Episodes: A Synthetic Control Approach}},
  author={Billmeier, Andreas and Nannicini, Tommaso},
  journal={Review of Economics and Statistics},
  volume={95},
  number={3},
  pages={983--1001},
  year={2013},
  publisher={MIT Press}
}

@article{coffman2012,
  title={{Hurricane Iniki: Measuring the Long-Term Economic Impact of a Natural Disaster using Synthetic Control}},
  author={Coffman, Makena and Noy, Ilan},
  journal={Environment and Development Economics},
  volume={17},
  number={02},
  pages={187--205},
  year={2012},
  publisher={Cambridge Univ Press}
}

@article{jinjarak2013,
  title={{Capital controls in Brazil--Stemming a Tide with a Signal?}},
  author={Jinjarak, Yothin and Noy, Ilan and Zheng, Huanhuan},
  journal={Journal of Banking \& Finance},
  volume={37},
  number={8},
  pages={2938--2952},
  year={2013},
  publisher={Elsevier}
}

@article{hinrichs2012,
  title={{The Effects of Affirmative Action Bans on College Enrollment, Educational Attainment, and the Demographic Composition of Universities}},
  author={Hinrichs, Peter},
  journal={Review of Economics and Statistics},
  volume={94},
  number={3},
  pages={712--722},
  year={2012},
  publisher={MIT Press}
}

@article{heim2014,
  title={{Does Health Reform Affect Self-Employment? Evidence from Massachusetts}},
  author={Heim, Bradley T and Lurie, Ithai Z},
  journal={Small Business Economics},
  volume={43},
  number={4},
  pages={917--930},
  year={2014},
  publisher={Springer}
}

@article{ho2007,
  title={{Matching as Nonparametric Preprocessing for Reducing Model Dependence in Parametric Causal Inference}},
  author={Ho, Daniel E and Imai, Kosuke and King, Gary and Stuart, Elizabeth A},
  journal={Political analysis},
  volume={15},
  number={3},
  pages={199--236},
  year={2007},
  publisher={SPM-PMSAPSA}
}

@article{holland1986,
title={{Statistics and Causal Inference}},
  author={Holland, Paul W},
  journal={Journal of the American statistical Association},
  volume={81},
  number={396},
  pages={945--960},
  year={1986},
  publisher={Taylor \& Francis}
}

@article{dias2009,
  title={{Da Guerra {\`A} Gest{\~a}o: Trajet{\'o}ria do Primeiro Comando da Capital (PCC) nas Pris{\~o}es de S{\~a}o Paulo}},
  author={Dias, Camila Caldeira Nunes},
  journal={Revista Percurso},
  pages={79--96},
  year={2009}
}

@book{souza2007,
  title={{PCC: A Fac{\c{c}}{\~a}o}},
  author={Souza, Fatima},
  year={2007},
  publisher={Editora Record}
}

@book{biondi2010,
  title={{Junto e Misturado: Uma Etnografia do PCC}},
  author={Biondi, Karina},
  year={2010},
  publisher={Editora Terceiro Nome}
}

@mastersthesis{freire2014,
author = {Danilo Freire},
title={{Entering the Underworld: Prison Gang Recruitment in S\~{a}o Paulo's Primeiro Comando da Capital}},
school={{The Graduate Institute, Geneva}},
year={2014},
note={}
}

@article{skarbek2011,
  title={{Governance and Prison Gangs}},
  author={Skarbek, David},
  journal={American Political Science Review},
  volume={105},
  number={04},
  pages={702--716},
  year={2011},
  publisher={Cambridge Univ Press}
}