@article{aakerstrom1986outcasts,
  title={Outcasts in Prison: The Cases of Informers and Sex Offenders},
  author={{\AA}kerstr{\"o}m, Malin},
  journal={Deviant Behavior},
  volume={7},
  number={1},
  pages={1--12},
  year={1986},
  publisher={Taylor \& Francis}
}


@article{buentello1991prison,
  title={Prison Gang Development: A Theoretical Model},
  author={Buentello, Salvador and Fong, Robert S and Vogel, Ronald E},
  journal={The Prison Journal},
  volume={71},
  number={2},
  pages={3--14},
  year={1991},
  publisher={Sage Publications}
}


@book{camp1985prison,
  title={Prison Gangs: Their Extent, Nature, and Impact on Prisons},
  author={Camp, George M and Camp, Camille Graham},
  year={1985},
  publisher={Washington: US Department of Justice}
}

@book{gambetta2009codes,
  title={Codes of the Underworld: How Criminals Communicate},
  author={Gambetta, Diego},
  year={2009},
  publisher={Princeton: Princeton University Press}
}

@article{campana2013cooperation,
  title={Cooperation in Criminal Organizations: Kinship and Violence as Credible Commitments},
  author={Campana, Paolo and Varese, Federico},
  journal={Rationality and Society},
  volume={25},
  number={3},
  pages={263--289},
  year={2013},
  publisher={Sage Publications}
}

@book{clemmer1940prison,
  title={The Prison Community},
  author={Clemmer, Donald},
  year={1940},
  publisher={Boston: Christopher Publishing House}
}

@article{leeson2010criminal,
  title={Criminal Constitutions},
  author={Leeson, Peter T and Skarbek, David B},
  journal={Global Crime},
  volume={11},
  number={3},
  pages={279--297},
  year={2010},
  publisher={Taylor \& Francis}
}

@book{pieta1993pavilhao,
  title={{Pavilh{\~a}o 9: O Massacre do Carandiru}},
  author={Piet{\'a}, El{\'o}i and Pereira, Justino},
  year={1993},
  publisher={Scritta Editorial}
}

@article{darke2013inmate,
  title={Inmate Governance in Brazilian Prisons},
  author={Darke, Sacha},
  journal={The Howard Journal of Criminal Justice},
  volume={52},
  number={3},
  pages={272--284},
  year={2013},
  publisher={Wiley Online Library}
}

@article{delisi2004gang,
  title={Gang Members, Career Criminals and Prison Violence: Further Specification of the Importation Model of Inmate Behavior},
  author={DeLisi, Matt and Berg, Mark T and Hochstetler, Andy},
  journal={Criminal Justice Studies},
  volume={17},
  number={4},
  pages={369--383},
  year={2004},
  publisher={Taylor \& Francis}
}

@article{dixit2011game,
  title={A Game-Theoretic Perspective on Diego Gambetta's Codes of the Underworld},
  author={Dixit, Avinash},
  journal={Global Crime},
  volume={12},
  number={2},
  pages={134--145},
  year={2011},
  publisher={Taylor \& Francis}
}

@article{fleisher2001overview,
  title={An Overview of the Challenge of Prison Gangs},
  author={Fleisher, Mark S and Decker, Scott H},
  journal={Corrections Management Quarterly},
  volume={5},
  pages={1--9},
  year={2001},
  publisher={ASPEN}
}

@book{gambetta1996sicilian,
  title={The Sicilian Mafia: The Business of Private Protection},
  author={Gambetta, Diego},
  year={1996},
  publisher={Cambridge: Harvard University Press}
}

@book{kauffman1988prison,
  title={Prison Officers and Their World},
  author={Kauffman, Kelsey},
  year={1988},
  publisher={Cambridge: Harvard University Press}
}

@book{lemgruber2005brazilian,
  title={The Brazilian Prison System: A Brief Diagnosis},
  author={Lemgruber, Julita},
  publisher={Eugene: University of Oregon Press},
  year={2005}
}

@book{skarbek2014social,
  title={The Social Order of the Underworld: How Prison Gangs Govern the American Penal System},
  author={Skarbek, David},
  year={2014},
  publisher={Oxford: Oxford University Press}
}

@article{lessing2014cddrl,
  title={A Hole at the Center of the State: Prison Gangs and the Limits to Punitive Power},
  journal={Center of Democracy, Development, and the Rule of Law},
  author={Lessing, Benjamin},
  year={2014}
}

@article{skarbek2011governance,
  title={Governance and prison gangs},
  author={Skarbek, David},
  journal={American Political Science Review},
  volume={105},
  number={04},
  pages={702--716},
  year={2011},
  publisher={Cambridge University Press}
}

@article{liebling2012social,
  title={Social Relationships between Prisoners in a Maximum Security Prison: Violence, Faith, and the Declining Nature of Trust},
  author={Liebling, Alison and Arnold, Helen},
  journal={Journal of Criminal Justice},
  year={2012},
  publisher={Elsevier}
}

@article{silveira2007realidade,
  title={A Realidade dos Pres{\'\i}dios na Vis{\~a}o da Pastoral Carcer{\'a}ria},
  author={Silveira, Valdir Jo{\~a}o},
  journal={Estudos Avan{\c{c}}ados},
  volume={21},
  number={61},
  pages={209},
  year={2007},
  publisher={SciELO Brasil}
}

@book{sykes1958society,
  title={The Society of Captives: A Study of a Maximum Security Prison},
  author={Sykes, Gresham},
  year={1958},
  publisher={Princeton: Princeton University Press}
}

@book{trammell2012enforcing,
  title={Enforcing the Convict Code: Violence and Prison Culture},
  author={Trammell, Rebecca},
  year={2012},
  publisher={Boulder: Lynne Rienner Publishers}
}

@book{varese2001russian,
  title={The Russian Mafia: Private Protection in a New Market Economy},
  author={Varese, Federico},
  year={2001},
  publisher={Oxford: Oxford University Press}
}

@article{von2004organized,
  title={Organized Crime and Trust: On the Conceptualization and Empirical Relevance of Trust in the Context of Criminal Networks},
  author={Von Lampe, Klaus and Ole Johansen, Per},
  journal={Global Crime},
  volume={6},
  number={2},
  pages={159--184},
  year={2004},
  publisher={Taylor \& Francis}
}